@inproceedings{birkedal:2011:lics,
  title        = {First Steps in Synthetic Guarded Domain Theory: Step-Indexing in the Topos of Trees}, 
  author       = {Birkedal, Lars and M{\o}gelberg, Rasmus Ejlers and Schwinghammer, Jan and St{\o}vring, Kristian},
  booktitle    = {2011 IEEE 26th Annual Symposium on Logic in Computer Science}, 
  year         = {2011},
  pages        = {55-64},
  organization = {IEEE},
  doi          = {10.1109/LICS.2011.16},
}

@article{birkedal:2012:lmcs,
  title    = {First steps in synthetic guarded domain theory: step-indexing in the topos of trees},
  author   = {Birkedal, Lars and M{\o}gelberg, Rasmus Ejlers and Schwinghammer, Jan and St{\o}vring, Kristian},
  journal  = {Logical Methods in Computer Science},
  volume   = {Volume 8, Issue 4},
  year     = {2012},
  month    = Oct,
  url      = {https://lmcs.episciences.org/1041},
  doi      = {10.2168/LMCS-8(4:1)2012},
  keywords = {Computer Science - Logic in Computer Science ; D.3.1 ; F.3.2},
}

@article{clouston:2017:lmcs,
  title    = {The Guarded Lambda-Calculus: Programming and Reasoning with Guarded Recursion for Coinductive Types},
  author   = {Clouston, Ranald and Bizjak, Ale{\v{s}} and Grathwohl, Hans Bugge and Birkedal, Lars},
  journal  = {Logical Methods in Computer Science},
  volume   = {Volume 12, Issue 3},
  year     = {2017},
  month    = Apr,
  url      = {https://lmcs.episciences.org/2019},
  doi      = {10.2168/LMCS-12(3:7)2016},
  keywords = {Computer Science - Logic in Computer Science ; Computer Science - Programming Languages},
}

@inproceedings{appel:2007:popl,
  author    = {Appel, Andrew W. and Melli{\`e}s, Paul-Andr{\'e} and Richards, Christopher D. and Vouillon, J{\'e}r{\^o}me},
  title     = {A Very Modal Model of a Modern, Major, General Type System},
  year      = {2007},
  isbn      = {1595935754},
  publisher = {Association for Computing Machinery},
  address   = {New York, NY, USA},
  url       = {https://doi.org/10.1145/1190216.1190235},
  doi       = {10.1145/1190216.1190235},
  booktitle = {Proceedings of the 34th Annual ACM SIGPLAN-SIGACT Symposium on Principles of Programming Languages},
  series    = {POPL '07},
  pages     = {109--122},
  numpages  = {14},
  keywords  = {Kripke models, impredicative polymorphism, recursive types, mutable references},
  location  = {Nice, France},
}

@inproceedings{nakano:2000:lics,
  title        = {A modality for recursion}, 
  author       = {Nakano, Hiroshi},
  booktitle    = {Proceedings Fifteenth Annual IEEE Symposium on Logic in Computer Science (Cat. No.99CB36332)}, 
  year         = {2000},
  pages        = {255-266},
  organization = {IEEE},
  doi          = {10.1109/LICS.2000.855774},
}

@inproceedings{bizjak:2016:fossacs,
  title     = {Guarded Dependent Type Theory with Coinductive Types},
  author    = {Bizjak, Ale{\v{s}} and Grathwohl, Hans Bugge and Clouston, Ranald and M{\o}gelberg, Rasmus Ejlers and Birkedal, Lars},
  editor    = {Jacobs, Bart and L{\"o}ding, Christof},
  booktitle = {Foundations of Software Science and Computation Structures},
  year={2016},
  publisher = {Springer Berlin Heidelberg},
  address   = {Berlin, Heidelberg},
  pages     = {20--35},
  isbn      = {978-3-662-49630-5},
  doi       = {10.1007/978-3-662-49630-5_2},
}

@article{birkedal:2019:jar,
  title     = {Guarded Cubical Type Theory},
  author    = {Birkedal, Lars and Bizjak, Ale{\v{s}} and Clouston, Ranald and Grathwohl, Hans Bugge and Spitters, Bas and Vezzosi, Andrea},
  journal   = {Journal of Automated Reasoning},
  volume    = {63},
  number    = {2},
  pages     = {211--253},
  year      = {2019},
  month     = Aug,
  publisher = {Springer},
  url       = {https://doi.org/10.1007/s10817-018-9471-7},
  doi       = {10.1007/s10817-018-9471-7},
}

@article{jung:2018:jfp,
  title     = {{Iris} from the ground up: A modular foundation for higher-order concurrent separation logic},
  author    = {Jung, Ralf and Krebbers, Robbert and Jourdan, Jacques-Henri and Bizjak, Ale{\v{s}} and Birkedal, Lars and Dreyer, Derek},
  journal   = {Journal of Functional Programming},
  volume    = {28},
  pages     = {e20},
  year      = {2018},
  publisher = {Cambridge University Press},
  doi       = {10.1017/S0956796818000151},
}

@inproceedings{sieczkowski:2015:itp,
  title     = {{ModuRes}: A {Coq} Library for Modular Reasoning About Concurrent Higher-Order Imperative Programming Languages},
  author    = {Sieczkowski, Filip and Bizjak, Ale{\v{s}} and Birkedal, Lars},
  editor    = {Urban, Christian and Zhang, Xingyuan},
  booktitle = {Interactive Theorem Proving},
  year      = {2015},
  publisher = {Springer International Publishing},
  address   = {Cham},
  pages     = {375--390},
  isbn      = {978-3-319-22102-1},
  doi       = {10.1007/978-3-319-22102-1_25},
}

@unpublished{bergwerf:2022:internship,
  title  = {Circular lists in {Iris} * deduction rules of ▷},
  author = {Bergwerf, Herman},
  year   = {2022},
  month  = Mar,
  note   = {Internship report, Radboud University},
}

@article{mcbride:2008:jfp,
  title     = {Applicative programming with effects},
  author    = {McBride, Conor and Paterson, Ross},
  journal   = {Journal of Functional Programming},
  volume    = {18},
  number    = {1},
  publisher = {Cambridge University Press},
  year      = {2008},
  pages     = {1–-13},
  doi       = {10.1017/S0956796807006326},
}

@phdthesis{sozeau:2008:phd,
  title       = {Un environnement pour la programmation avec types d{\'e}pendants},
  author      = {Sozeau, Matthieu},
  url         = {https://theses.hal.science/tel-00640052},
  school      = {Universit{\'e} Paris Sud - Paris XI},
  year        = {2008},
  month       = Dec,
  keywords    = {Coq ; types d{\'e}pendants ; Classes de type ; R{\'e}{\'e}criture},
  type        = {{PhD thesis}},
  pdf         = {https://theses.hal.science/tel-00640052/file/thesis-sozeau.pdf},
  hal_id      = {tel-00640052},
  hal_version = {v1},
}

@book{lambek:scott,
  title     = {Introduction to higher-order categorical logic},
  author    = {Lambek, Joachim and Scott, Philip J.},
  year      = {1986},
  publisher = {Cambridge University Press},
  isbn      = {978-0-521-35653-4},
}

@book{jacobs:cltt,
  title     = {Categorical logic and type theory},
  author    = {Jacobs, Bart},
  series    = {Studies in Logic and the Foundations of Mathematics},
  volume    = {141},
  year      = {1999},
  month     = Jan,
  publisher = {Elsevier},
  numpages  = {778},
  isbn      = {978-0-444-50853-9},
}

@book{maclane:moerdijk,
  title     = {Sheaves in geometry and logic: A first introduction to topos theory},
  author    = {Mac Lane, Saunders and Moerdijk, Ieke},
  series    = {Universitext},
  year      = {1992},
  month     = May,
  publisher = {Springer New York},
  address   = {New York, NY, US},
  numpages  = {630},
  isbn      = {978-0-387-97710-2},
  doi       = {10.1007/978-1-4612-0927-0},
}

@article{gilbert:2019:popl,
  title      = {Definitional Proof-Irrelevance without {K}},
  author     = {Gilbert, Ga{\"e}tan and Cockx, Jesper and Sozeau, Matthieu and Tabareau, Nicolas},
  journal    = {Proceedings of the {ACM} on Programming Languages},
  volume     = {3},
  number     = {{POPL}},
  year       = {2019},
  month      = Jan,
  issue_date = {January 2019},
  articleno  = {3},
  pages      = {1--28},
  numpages   = {28},
  publisher  = {Association for Computing Machinery},
  address    = {New York, NY, USA},
  url        = {https://doi.org/10.1145/3290316},
  doi        = {10.1145/3290316},
  keywords   = {proof irrelevance, proof assistants, type theory},
}

@inproceedings{wildmoser:2004:tphols,
  title     = {Certifying Machine Code Safety: Shallow Versus Deep Embedding},
  author    = {Wildmoser, Martin and Nipkow, Tobias},
  editor    = {Slind, Konrad and Bunker, Annette and Gopalakrishnan, Ganesh},
  booktitle = {Theorem Proving in Higher Order Logics},
  series    = {Lecture Notes in Computer Science},
  volume    = {3223},
  pages     = {305--320},
  year      = {2004},
  publisher = {Springer Berlin Heidelberg},
  address   = {Berlin, Heidelberg},
  isbn      = {978-3-540-30142-4},
  doi       = {10.1007/978-3-540-30142-4_22},
}

@Book{hottbook,
  author    = {The Univalent Foundations Program},
  title     = {Homotopy Type Theory: Univalent Foundations of Mathematics},
  publisher = {\url{https://homotopytypetheory.org/book}},
  address   = {Institute for Advanced Study},
  year      = {2013},
}

@misc{coq,
  author  = {The {Coq} Development Team},
  title   = {The {Coq} Proof Assistant, version 8.15.2},
  month   = Jan,
  year    = {2022},
  version = {8.15},
  doi     = {10.5281/zenodo.5846982},
  url     = {https://doi.org/10.5281/zenodo.5846982},
}

@phdthesis{ahmed:2004:phd,
  title  = {Semantics of Types for Mutable State},
  author = {Ahmed, Amal Jamil},
  school = {Princeton University},
  year   = {2004},
  month  = Nov,
  type   = {Thesis},
}

@article{barthe:2003:jfp,
  title     = {Setoids in type theory},
  author    = {Barthe, Gilles and Capretta, Venanzio and Pons, Olivier},
  journal   = {Journal of Functional Programming},
  volume    = {13},
  number    = {2},
  pages     = {261--293},
  year      = {2003},
  month     = Mar,
  publisher = {Cambridge University Press},
  doi       = {10.1017/S0956796802004501},
}

@article{birkedal:2010:tcs,
  title   = {The category-theoretic solution of recursive metric-space equations},
  author  = {Birkedal, Lars and St{\o}vring, Kristian and Thamsborg, Jacob},
  journal = {Theoretical Computer Science},
  volume  = {411},
  number  = {47},
  pages   = {4102--4122},
  year    = {2010},
  url     = {https://doi.org/10.1016/j.tcs.2010.07.010},
  doi     = {10.1016/j.tcs.2010.07.010},
}

@inproceedings{gianantonio:2002:types,
  title     = {A Unifying Approach to Recursive and Co-recursive Definitions},
  author    = {Di Gianantonio, Pietro and Miculan, Marino},
  editor    = {Geuvers, Herman and Wiedijk, Freek},
  booktitle = {Types for Proofs and Programs, Second International Workshop},
  series    = {Lecture Notes in Computer Science},
  volume    = {2646},
  pages     = {148--161},
  publisher = {Springer},
  year      = {2002},
  url       = {https://doi.org/10.1007/3-540-39185-1\_9},
  doi       = {10.1007/3-540-39185-1\_9},
}

@inproceedings{birkedal:2013:lics,
  title     = {Intensional Type Theory with Guarded Recursive Types qua Fixed Points on Universes},
  author    = {Birkedal, Lars and M{\o}gelberg, Rasmus Ejlers},
  booktitle = {28th Annual {ACM/IEEE} Symposium on Logic in Computer Science},
  pages     = {213--222},
  publisher = {{IEEE} Computer Society},
  year      = {2013},
  url       = {https://doi.org/10.1109/LICS.2013.27},
  doi       = {10.1109/LICS.2013.27},
}

@inproceedings{atkey:2013:icfp,
  title     = {Productive coprogramming with guarded recursion},
  author    = {Atkey, Robert and McBride, Conor},
  editor    = {Morrisett, Greg and Uustalu, Tarmo},
  booktitle = {{ACM} {SIGPLAN} International Conference on Functional Programming},
  pages     = {197--208},
  publisher = {{ACM}},
  year      = {2013},
  url       = {https://doi.org/10.1145/2500365.2500597},
  doi       = {10.1145/2500365.2500597},
}

@inproceedings{mogelberg:2014:csl-lics,
  title     = {A type theory for productive coprogramming via guarded recursion},
  author    = {M{\o}gelberg, Rasmus Ejlers},
  editor    = {Henzinger, Thomas A. and Miller, Dale},
  booktitle = {Joint Meeting of the Twenty-Third {EACSL} Annual Conference on Computer Science Logic and the Twenty-Ninth Annual {ACM/IEEE} Symposium on Logic in Computer Science},
  pages     = {71:1--71:10},
  publisher = {{ACM}},
  year      = {2014},
  url       = {https://doi.org/10.1145/2603088.2603132},
  doi       = {10.1145/2603088.2603132},
}

@inproceedings{bizjak:2015:mfps,
  title     = {A Model of Guarded Recursion With Clock Synchronisation},
  author    = {Bizjak, Ale{\v{s}} and M{\o}gelberg, Rasmus Ejlers},
  editor    = {Ghica, Dan R.},
  booktitle = {The 31st Conference on the Mathematical Foundations of Programming Semantics},
  series    = {Electronic Notes in Theoretical Computer Science},
  volume    = {319},
  pages     = {83--101},
  publisher = {Elsevier},
  year      = {2015},
  url       = {https://doi.org/10.1016/j.entcs.2015.12.007},
  doi       = {10.1016/j.entcs.2015.12.007},
}

@inproceedings{cohen:2015:types,
  title     = {Cubical Type Theory: A Constructive Interpretation of the Univalence Axiom},
  author    = {Cohen, Cyril and Coquand, Thierry and Huber, Simon and
                  M{\"{o}}rtberg, Anders},
  editor    = {Uustalu, Tarmo},
  booktitle = {21st International Conference on Types for Proofs and Programs},
  series    = {LIPIcs},
  volume    = {69},
  pages     = {5:1--5:34},
  publisher = {Schloss Dagstuhl - Leibniz-Zentrum f{\"{u}}r Informatik},
  year      = {2015},
  url       = {https://doi.org/10.4230/LIPIcs.TYPES.2015.5},
  doi       = {10.4230/LIPIcs.TYPES.2015.5},
}

@article{appel:2001:toplas,
  author    = {Andrew W. Appel and
                  David A. McAllester},
  title     = {An indexed model of recursive types for foundational proof-carrying code},
  journal   = {{ACM} Transactions on Programming Languages and Systems},
  volume    = {23},
  number    = {5},
  pages     = {657--683},
  year      = {2001},
  url       = {https://doi.org/10.1145/504709.504712},
  doi       = {10.1145/504709.504712},
  timestamp = {Mon, 15 Jun 2020 16:54:21 +0200},
  biburl    = {https://dblp.org/rec/journals/toplas/AppelM01.bib},
  bibsource = {dblp computer science bibliography, https://dblp.org}
}

@book{taylor:1999,
  author    = {Paul Taylor},
  title     = {Practical Foundations of Mathematics},
  series    = {Cambridge studies in advanced mathematics},
  volume    = {59},
  publisher = {Cambridge University Press},
  year      = {1999},
  isbn      = {978-0-521-63107-5},
}

@book{crole:1993,
  author    = {Roy L. Crole},
  title     = {Categories for Types},
  series    = {Cambridge mathematical textbooks},
  publisher = {Cambridge University Press},
  year      = {1993},
  url       = {http://www.cambridge.org/de/academic/subjects/computer-science/programming-languages-and-applied-logic/categories-types?format=PB},
  isbn      = {978-0-521-45701-9},
}

@article{rutten:2003:tcs,
  author    = {Jan J. M. M. Rutten},
  title     = {Behavioural differential equations: a coinductive calculus of streams, automata, and power series},
  journal   = {Theoretical Computer Science},
  volume    = {308},
  number    = {1-3},
  pages     = {1--53},
  year      = {2003},
  url       = {https://doi.org/10.1016/S0304-3975(02)00895-2},
  doi       = {10.1016/S0304-3975(02)00895-2},
  timestamp = {Wed, 17 Feb 2021 21:57:27 +0100},
  biburl    = {https://dblp.org/rec/journals/tcs/Rutten03.bib},
  bibsource = {dblp computer science bibliography, https://dblp.org}
}

@article{gratzer:2021:lmcs,
  author  = {Daniel Gratzer and
                  G. A. Kavvos and
                  Andreas Nuyts and
                  Lars Birkedal},
  title   = {Multimodal Dependent Type Theory},
  journal = {Logical Methods in Computer Science},
  volume  = {17},
  number  = {3},
  year    = {2021},
  url     = {https://doi.org/10.46298/lmcs-17(3:11)2021},
  doi     = {10.46298/lmcs-17(3:11)2021},
}

@inproceedings{appel:2001:lics,
  title        = {Foundational proof-carrying code},
  author       = {Appel, Andrew W},
  booktitle    = {Proceedings 16th Annual IEEE Symposium on Logic in Computer Science},
  pages        = {247--256},
  year         = {2001},
  organization = {{IEEE}}
}

@misc{vst,
  title        = {Verified Software Toolchain},
  author       = {Verified Software Toolchain Team},
  howpublished = {\url{https://vst.cs.princeton.edu/}},
  note         = {Accessed: 2023-07-23}
}
